@misc{ wiki:naive_bayes_classifier,
author = "{Wikipedia contributors}",
title = "Naive Bayes classifier --- {Wikipedia}{,} The Free Encyclopedia",
year = "2018",
url = "https://en.wikipedia.org/w/index.php?title=Naive_Bayes_classifier&oldid=838385521",
note = "[Online; accessed 29-April-2018]"
}